[gd_scene load_steps=8 format=3 uid="uid://bvlo3xs7lt2xr"]

[ext_resource type="Texture2D" uid="uid://bljpur42q5rfv" path="res://Images/Ville.png" id="1_08tem"]
[ext_resource type="PackedScene" uid="uid://5yens750ad8d" path="res://Elements/player_top_down.tscn" id="2_ag04x"]
[ext_resource type="PackedScene" uid="uid://xl8ridilbjkn" path="res://Elements/spawner.tscn" id="3_2dcmw"]
[ext_resource type="Script" path="res://Elements/mob_manager.gd" id="4_5e6lf"]
[ext_resource type="Script" path="res://Niveaux/Embiance_font.gd" id="5_3wp0x"]
[ext_resource type="AudioStream" uid="uid://pflwc7ln6o5v" path="res://Son/quartier hater.wav" id="5_55wp8"]
[ext_resource type="AudioStream" uid="uid://b7civli22jsj5" path="res://Son/musique fond.ogg" id="5_swjxw"]

[node name="LevelTopDown" type="Node2D"]

[node name="Ville" type="Sprite2D" parent="."]
position = Vector2(-195, 655)
texture = ExtResource("1_08tem")

[node name="Player" parent="." instance=ExtResource("2_ag04x")]
position = Vector2(-43, 186)

[node name="MobManager" type="Node" parent="."]
script = ExtResource("4_5e6lf")

[node name="Spawner" parent="." instance=ExtResource("3_2dcmw")]
position = Vector2(1851, -284)

[node name="Embiance font" type="AudioStreamPlayer" parent="."]
stream = ExtResource("5_55wp8")
volume_db = -20.0
script = ExtResource("5_3wp0x")

[node name="Fond son" type="AudioStreamPlayer" parent="."]
stream = ExtResource("5_swjxw")
autoplay = true

[node name="Timer" type="Timer" parent="."]
wait_time = 30.0
one_shot = true

[node name="Spawner2" parent="." instance=ExtResource("3_2dcmw")]
position = Vector2(1799, 1320)

[node name="Spawner3" parent="." instance=ExtResource("3_2dcmw")]
position = Vector2(-2342, 1382)

[node name="Spawner4" parent="." instance=ExtResource("3_2dcmw")]
position = Vector2(-2234, -196)

[connection signal="timeout" from="Timer" to="Embiance font" method="_on_timer_timeout"]
